11111111111111111111111111111111111111111111111111111111111111111
11111111111111111111111111111111111111111111111111111111111111111
11111111111111111111111111111111111111111111111111111111111111111
11111111111111111111111111111111111111111111111111111111111111111
11111111111111111111111111111111111111111111111111111111111111111
11111111111111111111111111111111111111111111111111111111111111111
11111111111111111111111111111111111111111111111111111111111111111
11111111111111111111111111111111111111111111111111111111111111111
11111111111111111111111111111111111111111111111111111111111111111
11111111111111111111111111111111111111111111111111111111111111111
11111111111111111111111111111111111111111111111111111111111111111
11111111111111111111111111111111111111111111111111111111111111111
11111111111111111111111111111111111111111111111111111111111111111
11111111111111111111111111111111111111111111111111111111111111111
11111111111111111111111111111111111111111111111111111111111111111
11111111111111111111111111111111111111111111111111111111111111111
1111111111111111111111111111111111111111111111111111111111111111122222222222222222222222222222222222222222222222222222222222222222
22222222222222222222222222222222222222222222222222222222222222222
22222222222222222222222222222222222222222222222222222222222222222
22222222222222222222222222222222222222222222222222222222222222222
22222222222222222222222222222222222222222222222222222222222222222
22222222222222222222222222222222222222222222222222222222222222222
22222222222222222222222222222222222222222222222222222222222222222
22222222222222222222222222222222222222222222222222222222222222222
22222222222222222222222222222222222222222222222222222222222222222
22222222222222222222222222222222222222222222222222222222222222222
22222222222222222222222222222222222222222222222222222222222222222
22222222222222222222222222222222222222222222222222222222222222222
22222222222222222222222222222222222222222222222222222222222222222
22222222222222222222222222222222222222222222222222222222222222222
22222222222222222222222222222222222222222222222222222222222222222
22222222222222222222222222222222222222222222222222222222222222222
22222222222222222222222222222222222222222222222222222222222222222
22222222222222222222222222222222222222222222222222222222222222222
22222222222222222222222222222222222222222222222222222222222222222
2222222222222222222222222222222222222222222222222222222222222222233333333333333333333333333333333333333333333333333333333333333333
33333333333333333333333333333333333333333333333333333333333333333
33333333333333333333333333333333333333333333333333333333333333333
33333333333333333333333333333333333333333333333333333333333333333
33333333333333333333333333333333333333333333333333333333333333333
33333333333333333333333333333333333333333333333333333333333333333
33333333333333333333333333333333333333333333333333333333333333333
33333333333333333333333333333333333333333333333333333333333333333
33333333333333333333333333333333333333333333333333333333333333333
33333333333333333333333333333333333333333333333333333333333333333
33333333333333333333333333333333333333333333333333333333333333333
33333333333333333333333333333333333333333333333333333333333333333
33333333333333333333333333333333333333333333333333333333333333333
33333333333333333333333333333333333333333333333333333333333333333
33333333333333333333333333333333333333333333333333333333333333333
33333333333333333333333333333333333333333333333333333333333333333
33333333333333333333333333333333333333333333333333333333333333333
33333333333333333333333333333333333333333333333333333333333333333
33333333333333333333333333333333333333333333333333333333333333333
3333333333333333333333333333333333333333333333333333333333333333344444444444444444444444444444444444444444444444444444444444444444
44444444444444444444444444444444444444444444444444444444444444444
44444444444444444444444444444444444444444444444444444444444444444
44444444444444444444444444444444444444444444444444444444444444444
44444444444444444444444444444444444444444444444444444444444444444
44444444444444444444444444444444444444444444444444444444444444444
44444444444444444444444444444444444444444444444444444444444444444
44444444444444444444444444444444444444444444444444444444444444444
44444444444444444444444444444444444444444444444444444444444444444
44444444444444444444444444444444444444444444444444444444444444444
44444444444444444444444444444444444444444444444444444444444444444
44444444444444444444444444444444444444444444444444444444444444444
44444444444444444444444444444444444444444444444444444444444444444
44444444444444444444444444444444444444444444444444444444444444444
44444444444444444444444444444444444444444444444444444444444444444
44444444444444444444444444444444444444444444444444444444444444444
44444444444444444444444444444444444444444444444444444444444444444
44444444444444444444444444444444444444444444444444444444444444444
44444444444444444444444444444444444444444444444444444444444444444
4444444444444444444444444444444444444444444444444444444444444444455555555555555555555555555555555555555555555555555555555555555555
55555555555555555555555555555555555555555555555555555555555555555
55555555555555555555555555555555555555555555555555555555555555555
55555555555555555555555555555555555555555555555555555555555555555
55555555555555555555555555555555555555555555555555555555555555555
55555555555555555555555555555555555555555555555555555555555555555
55555555555555555555555555555555555555555555555555555555555555555
55555555555555555555555555555555555555555555555555555555555555555
55555555555555555555555555555555555555555555555555555555555555555
55555555555555555555555555555555555555555555555555555555555555555
55555555555555555555555555555555555555555555555555555555555555555
55555555555555555555555555555555555555555555555555555555555555555
55555555555555555555555555555555555555555555555555555555555555555
55555555555555555555555555555555555555555555555555555555555555555
55555555555555555555555555555555555555555555555555555555555555555
55555555555555555555555555555555555555555555555555555555555555555
55555555555555555555555555555555555555555555555555555555555555555
55555555555555555555555555555555555555555555555555555555555555555
55555555555555555555555555555555555555555555555555555555555555555
55555555555555555555555555555555555555555555555555555555555555555
